@article{yamada2005growth,
  title={Growth and persistence of a recent invader Carcinus maenas in estuaries of the northeastern Pacific},
  author={Yamada, Sylvia Behrens and Dumbauld, Brett R and Kalin, Alex and Hunt, Christopher E and Figlar-Barnes, Ron and Randall, Andrea},
  journal={Biological Invasions},
  volume={7},
  pages={309--321},
  year={2005},
  publisher={Springer}
}

@article{abadi2010assessment,
  title={An assessment of integrated population models: bias, accuracy, and violation of the assumption of independence},
  author={Abadi, Fitsum and Gimenez, Olivier and Arlettaz, Rapha{\"e}l and Schaub, Michael},
  journal={Ecology},
  volume={91},
  number={1},
  pages={7--14},
  year={2010},
  publisher={Wiley Online Library}
}

@article{somers1988seasonally,
  title={On a seasonally oscillating growth function},
  author={Somers, IF and others},
  journal={Fishbyte},
  volume={6},
  number={1},
  pages={8--11},
  year={1988}
}

@article{de2017programming,
  title={Programming with models: writing statistical algorithms for general model structures with NIMBLE},
  author={{de Valpine}, Perry and Turek, Daniel and Paciorek, Christopher J and Anderson-Bergman, Clifford and Lang, Duncan Temple and Bodik, Rastislav},
  journal={Journal of Computational and Graphical Statistics},
  volume={26},
  number={2},
  pages={403--413},
  year={2017},
  publisher={Taylor \& Francis}
}