@article{conn2018guide,
  title={A guide to Bayesian model checking for ecologists},
  author={Conn, Paul B and Johnson, Devin S and Williams, Perry J and Melin, Sharon R and Hooten, Mevin B},
  journal={Ecological Monographs},
  volume={88},
  number={4},
  pages={526--542},
  year={2018},
  publisher={Wiley Online Library}
}

@article{lunn2013bugs,
  title={The BUGS book},
  author={Lunn, David and Jackson, Christopher and Best, Nicky and Thomas, Andrew and Spiegelhalter, David},
  journal={A practical introduction to Bayesian analysis, Chapman Hall, London},
  year={2013}
}

@book{king2009bayesian,
  title={Bayesian analysis for population ecology},
  author={King, Ruth and Morgan, Byron and Gimenez, Olivier and Brooks, Steve},
  year={2009},
  publisher={Chapman and Hall/CRC}
}

@article{grosholz2021stage,
  title={Stage-specific overcompensation, the hydra effect, and the failure to eradicate an invasive predator},
  author={Grosholz, Edwin D and Ashton, Gail and Bradley, Marko and Brown, Chris and Ceballos-Osuna, Lina and Chang, Andrew and de Rivera, Catherine and Gonzalez, Julie and Heineke, Marcella and Marraffini, Michelle and others},
  journal={Proceedings of the National Academy of Sciences},
  volume={118},
  number={12},
  pages={e2003955118},
  year={2021},
  publisher={National Acad Sciences}
}