@article{yamada2005growth,
  title={Growth and persistence of a recent invader \textit{Carcinus maenas} in estuaries of the northeastern Pacific},
  author={Yamada, Sylvia Behrens and Dumbauld, Brett R and Kalin, Alex and Hunt, Christopher E and Figlar-Barnes, Ron and Randall, Andrea},
  journal={Biological Invasions},
  volume={7},
  pages={309--321},
  year={2005},
  publisher={Springer}
}

@article{abadi2010assessment,
  title={An assessment of integrated population models: bias, accuracy, and violation of the assumption of independence},
  author={Abadi, Fitsum and Gimenez, Olivier and Arlettaz, Rapha{\"e}l and Schaub, Michael},
  journal={Ecology},
  volume={91},
  number={1},
  pages={7--14},
  year={2010},
  publisher={Wiley Online Library}
}

@article{somers1988seasonally,
  title={On a seasonally oscillating growth function},
  author={Somers, IF and others},
  journal={Fishbyte},
  volume={6},
  number={1},
  pages={8--11},
  year={1988}
}

@article{de2017programming,
  title={Programming with models: writing statistical algorithms for general model structures with NIMBLE},
  author={{de Valpine}, Perry and Turek, Daniel and Paciorek, Christopher J and Anderson-Bergman, Clifford and Lang, Duncan Temple and Bodik, Rastislav},
  journal={Journal of Computational and Graphical Statistics},
  volume={26},
  number={2},
  pages={403--413},
  year={2017},
  publisher={Taylor \& Francis}
}

@article{grosholz2021stage,
  title={Stage-specific overcompensation, the hydra effect, and the failure to eradicate an invasive predator},
  author={Grosholz, Edwin and Ashton, Gail and Bradley, Marko and Brown, Chris and Ceballos-Osuna, Lina and Chang, Andrew and de Rivera, Catherine and Gonzalez, Julie and Heineke, Marcella and Marraffini, Michelle and others},
  journal={Proceedings of the National Academy of Sciences},
  volume={118},
  number={12},
  pages={e2003955118},
  year={2021},
  publisher={National Acad Sciences}
}

@article{auger2021guide,
  title={A guide to state--space modeling of ecological time series},
  author={Auger-M{\'e}th{\'e}, Marie and Newman, Ken and Cole, Diana and Empacher, Fanny and Gryba, Rowenna and King, Aaron A and Leos-Barajas, Vianey and Mills Flemming, Joanna and Nielsen, Anders and Petris, Giovanni and others},
  journal={Ecological Monographs},
  volume={91},
  number={4},
  pages={e01470},
  year={2021},
  publisher={Wiley Online Library}
}

@article{rees2014building,
  title={Building integral projection models: a user's guide},
  author={Rees, Mark and Childs, Dylan Z and Ellner, Stephen P},
  journal={Journal of Animal Ecology},
  volume={83},
  number={3},
  pages={528--545},
  year={2014},
  publisher={Wiley Online Library}
}

@book{klassen2007biological,
  title={A biological synopsis of the European green crab, \textit{Carcinus maenas}},
  author={Klassen, Gregory John and Locke, Andrea},
  year={2007},
  publisher={Citeseer}
}

@article{young2019life,
  title={Life history and population dynamics of green crabs (\textit{Carcinus maenas})},
  author={Young, Alan M and Elliott, James A},
  journal={Fishes},
  volume={5},
  number={1},
  pages={4},
  year={2019},
  publisher={MDPI}
}

@book{caswell2001matrix,
  title={Matrix population models: construction, analysis, and interpretation. 2nd ed.},
  author={Caswell, Hal},
  publisher={Sinauer Associates,Inc.},
  address={Sunderland, MA},
  year={2001}
}

@article{contreras2003population,
  title={Population abundances, growth and natural mortality of the crustacean macroinfauna at two sand beach morphodynamic types in southern Chile},
  author={Contreras, Heraldo and Jaramillo, Eduardo and Duarte, Cristian and McLachlan, Anton},
  journal={Revista Chilena de Historia Natural},
  volume={76},
  number={4},
  pages={543--561},
  year={2003},
  publisher={Sociedad de Biologia de Chile}
}

@article{garcia2012technical,
  title={A technical note on seasonal growth models},
  author={Garc{\'\i}a-Berthou, Emili and Carmona-Catot, Gerard and Merciai, Roberto and Ogle, Derek H},
  journal={Reviews in Fish Biology and Fisheries},
  volume={22},
  pages={635--640},
  year={2012},
  publisher={Springer}
}

@book{beverton2012dynamics,
  title={On the dynamics of exploited fish populations},
  author={Beverton, Raymond JH and Holt, Sidney J},
  volume={11},
  year={2012},
  publisher={Springer Science \& Business Media}
}

@article{maszczyk2018body,
  title={Body size, maturation size, and growth rate of crustaceans},
  author={Maszczyk, Piotr and Brzezinski, Tomasz},
  journal={The natural history of the Crustacea},
  volume={5},
  pages={35--65},
  year={2018},
  publisher={Oxford University Press New York, NY, USA}
}

@article{carlson2010bayesian,
  title={Bayesian analysis of size-dependent overwinter mortality from size-frequency distributions},
  author={Carlson, Stephanie M and Kottas, Athanasios and Mangel, Marc},
  journal={Ecology},
  volume={91},
  number={4},
  pages={1016--1024},
  year={2010},
  publisher={Wiley Online Library}
}


@article{henderson1988size,
  title={Size-selective overwintering mortality in the sand smelt, \texit{Atherina boyeri} Risso, and its role in population regulation},
  author={Henderson, PA and Holmes, RHA and Bamber, Roger N},
  journal={Journal of fish biology},
  volume={33},
  number={2},
  pages={221--233},
  year={1988},
  publisher={Wiley Online Library}
}

@article{hurst2007causes,
  title={Causes and consequences of winter mortality in fishes},
  author={Hurst, TP},
  journal={Journal of Fish Biology},
  volume={71},
  number={2},
  pages={315--345},
  year={2007},
  publisher={Wiley Online Library}
}

@article{kery2015modeling,
  title={Modeling abundance using multinomial N-mixture models},
  author={K{\'e}ry, M and Royle, JA},
  journal={Applied hierarchical modeling in ecology, K{\'e}ry M, Royle JA, editors. Academic Press, Boston, Massachusetts},
  pages={313--392},
  year={2015}
}

@article{jorgensen2009size,
  title={Size-selective fishing gear and life history evolution in the Northeast Arctic cod},
  author={J{\o}rgensen, Christian and Ernande, Bruno and Fiksen, {\O}yvind},
  journal={Evolutionary Applications},
  volume={2},
  number={3},
  pages={356--370},
  year={2009},
  publisher={Wiley Online Library}
}

@article{brooks1998general,
  title={General methods for monitoring convergence of iterative simulations},
  author={Brooks, Stephen P and Gelman, Andrew},
  journal={Journal of computational and graphical statistics},
  volume={7},
  number={4},
  pages={434--455},
  year={1998},
  publisher={Taylor \& Francis}
}

@Manual{Rcore,
    title = {R: A Language and Environment for Statistical Computing},
    author = {{R Core Team}},
    organization = {R Foundation for Statistical Computing},
    address = {Vienna, Austria},
    year = {2024},
    url = {https://www.R-project.org/},
  }